@article{pauli,
  title = {Letter to L. Meitner and her colleagues dated 4 December 1930},
  author = {W. Pauli},
}

@article{chadwick,
  author = {J. Chadwick},
  journal = {Verh. d. deutschen phys. Ges},
  volume = {16},
  issue = {383},
  year = 1914
}
  
@article {cowan-reines,
	author = {Cowan, C. L. and Reines, F. and Harrison, F. B. and Kruse, H. W. and McGuire, A. D.},
	title = {Detection of the Free Neutrino: a Confirmation},
	volume = {124},
	number = {3212},
	pages = {103--104},
	year = {1956},
	doi = {10.1126/science.124.3212.103},
	publisher = {American Association for the Advancement of Science},
	issn = {0036-8075},
	URL = {http://science.sciencemag.org/content/124/3212/103},
	eprint = {http://science.sciencemag.org/content/124/3212/103.full.pdf},
	journal = {Science}
}

@article{danby,
  title = {Observation of High-Energy Neutrino Reactions and the Existence of Two Kinds of Neutrinos},
  author = {Danby, G. and Gaillard, J-M. and Goulianos, K. and Lederman, L. M. and Mistry, N. and Schwartz, M. and Steinberger, J.},
  journal = {Phys. Rev. Lett.},
  volume = {9},
  issue = {1},
  pages = {36--44},
  numpages = {0},
  year = {1962},
  month = {Jul},
  publisher = {American Physical Society},
  doi = {10.1103/PhysRevLett.9.36},
  url = {https://link.aps.org/doi/10.1103/PhysRevLett.9.36}
}

@article{donut,
      author         = "Kodama, K. and others",
      title          = "{Observation of tau neutrino interactions}",
      collaboration  = "DONUT",
      journal        = "Phys. Lett.",
      volume         = "B504",
      year           = "2001",
      pages          = "218-224",
      doi            = "10.1016/S0370-2693(01)00307-0",
      eprint         = "hep-ex/0012035",
      archivePrefix  = "arXiv",
      primaryClass   = "hep-ex",
      reportNumber   = "FERMILAB-PUB-00-335-E",
      SLACcitation   = "%%CITATION = HEP-EX/0012035;%%"
}

@article{gno,
title = "Complete results for five years of GNO solar neutrino observations",
journal = "Physics Letters B",
volume = "616",
number = "3",
pages = "174 - 190",
year = "2005",
issn = "0370-2693",
doi = "https://doi.org/10.1016/j.physletb.2005.04.068",
url = "http://www.sciencedirect.com/science/article/pii/S0370269305005149",
author = "M. Altmann and M. Balata and P. Belli and E. Bellotti and R. Bernabei and E. Burkert and C. Cattadori and R. Cerulli and M. Chiarini and M. Cribier and S. d'Angelo and G. Del Re and K.H. Ebert and F. von Feilitzsch and N. Ferrari and W. Hampel and F.X. Hartmann and E. Henrich and G. Heusser and F. Kaether and J. Kiko and T. Kirsten and T. Lachenmaier and J. Lanfranchi and M. Laubenstein and K. Lützenkirchen and K. Mayer and P. Moegel and D. Motta and S. Nisi and J. Oehm and L. Pandola and F. Petricca and W. Potzel and H. Richter and S. Schoenert and M. Wallenius and M. Wojcik and L. Zanotti",
keywords = "Solar neutrinos, Gallium experiment, GNO, Neutrino mass"
}

@article{gallex,
title = "Solar neutrinos observed by GALLEX at Gran Sasso",
journal = "Physics Letters B",
volume = "285",
number = "4",
pages = "376 - 389",
year = "1992",
issn = "0370-2693",
doi = "https://doi.org/10.1016/0370-2693(92)91521-A",
url = "http://www.sciencedirect.com/science/article/pii/037026939291521A",
author = "P. Anselmann and others"
}


@inproceedings{legend,
      author         = "Myslik, Jordan",
      title          = "{Search for neutrinoless double-beta decays in Ge-76 in
                        the LEGEND experiment}",
      collaboration  = "LEGEND",
      year           = "2018",
      eprint         = "1812.08191",
      archivePrefix  = "arXiv",
      primaryClass   = "physics.ins-det",
      SLACcitation   = "%%CITATION = ARXIV:1812.08191;%%"
}

@article{sage,
  title = {Measurement of the solar neutrino capture rate with gallium metal},
  author = {Abdurashitov, J. N. and others},
  collaboration = {SAGE Collaboration},
  journal = {Phys. Rev. C},
  volume = {60},
  issue = {5},
  pages = {055801},
  numpages = {32},
  year = {1999},
  month = {Oct},
  publisher = {American Physical Society},
  doi = {10.1103/PhysRevC.60.055801},
  url = {https://link.aps.org/doi/10.1103/PhysRevC.60.055801}
}

@article{sno_nim,
      author         = "Boger, J. and others",
      title          = "{The Sudbury neutrino observatory}",
      collaboration  = "SNO",
      journal        = "Nucl. Instrum. Meth.",
      volume         = "A449",
      year           = "2000",
      pages          = "172-207",
      doi            = "10.1016/S0168-9002(99)01469-2",
      eprint         = "nucl-ex/9910016",
      archivePrefix  = "arXiv",
      primaryClass   = "nucl-ex",
      reportNumber   = "SNO-STR-99-025",
      SLACcitation   = "%%CITATION = NUCL-EX/9910016;%%"
}

@article{sno_ncd_psa,
      author         = "Amsbaugh, John F. and others",
      title          = "{An Array of low-background He-3 proportional counters
                        for the Sudbury neutrino observatory}",
      journal        = "Nucl. Instrum. Meth.",
      volume         = "A579",
      year           = "2007",
      pages          = "1054-1080",
      doi            = "10.1016/j.nima.2007.05.321",
      eprint         = "0705.3665",
      archivePrefix  = "arXiv",
      primaryClass   = "nucl-ex",
      SLACcitation   = "%%CITATION = ARXIV:0705.3665;%%"
}

@article{asdc_paper,
      author         = "Alonso, J. R. and others",
      title          = "{Advanced Scintillator Detector Concept (ASDC): A Concept
                        Paper on the Physics Potential of Water-Based Liquid
                        Scintillator}",
      year           = "2014",
      eprint         = "1409.5864",
      archivePrefix  = "arXiv",
      primaryClass   = "physics.ins-det",
      reportNumber   = "BNL-106082-2014-JA",
      SLACcitation   = "%%CITATION = ARXIV:1409.5864;%%"
}

@Article{theia_solar,
author="Bonventre, R.
and Orebi Gann, G. D.",
title="Sensitivity of a low threshold directional detector to CNO-cycle solar neutrinos",
journal="The European Physical Journal C",
year="2018",
month="May",
day="31",
volume="78",
number="6",
pages="435",
abstract="A first measurement of neutrinos from the CNO fusion cycle in the Sun would allow a resolution to the current solar metallicity problem. Detection of these low-energy neutrinos requires a low-threshold detector, while discrimination from radioactive backgrounds in the region of interest is significantly enhanced via directional sensitivity. This combination can be achieved in a water-based liquid scintillator target, which offers enhanced energy resolution beyond a standard water Cherenkov detector. We study the sensitivity of such a detector to CNO neutrinos under various detector and background scenarios, and draw conclusions about the requirements for such a detector to successfully measure the CNO neutrino flux. A detector designed to measure CNO neutrinos could also achieve a few-percent measurement of pep neutrinos.",
issn="1434-6052",
doi="10.1140/epjc/s10052-018-5925-7",
url="https://doi.org/10.1140/epjc/s10052-018-5925-7"
}

@article {higgs,
	editor = {Aad, G. and others},
	title = {A Particle Consistent with the Higgs Boson Observed with the ATLAS Detector at the Large Hadron Collider},
	volume = {338},
	number = {6114},
	pages = {1576--1582},
	year = {2012},
	doi = {10.1126/science.1232005},
	publisher = {American Association for the Advancement of Science},
	abstract = {Nearly 50 years ago, theoretical physicists proposed that a field permeates the universe and gives energy to the vacuum. This field was required to explain why some, but not all, fundamental particles have mass. Numerous precision measurements during recent decades have provided indirect support for the existence of this field, but one crucial prediction of this theory has remained unconfirmed despite 30 years of experimental searches: the existence of a massive particle, the standard model Higgs boson. The ATLAS experiment at the Large Hadron Collider at CERN has now observed the production of a new particle with a mass of 126 giga{\textendash}electron volts and decay signatures consistent with those expected for the Higgs particle. This result is strong support for the standard model of particle physics, including the presence of this vacuum field. The existence and properties of the newly discovered particle may also have consequences beyond the standard model itself.},
	issn = {0036-8075},
	URL = {http://science.sciencemag.org/content/338/6114/1576},
	eprint = {http://science.sciencemag.org/content/338/6114/1576.full.pdf},
	journal = {Science}
}

@article{fusion_source,
title = "A compact 3H(p,$\gamma$)4He 19.8-MeV gamma-ray source for energy calibration at the Sudbury Neutrino Observatory",
journal = "Nuclear Instruments and Methods in Physics Research Section A: Accelerators, Spectrometers, Detectors and Associated Equipment",
volume = "452",
number = "1",
pages = "115 - 129",
year = "2000",
issn = "0168-9002",
doi = "https://doi.org/10.1016/S0168-9002(00)00424-1",
url = "http://www.sciencedirect.com/science/article/pii/S0168900200004241",
author = "A.W.P Poon and R.J Komar and C.E Waltham and M.C Browne and R.G.H Robertson and N.P Kherani and H.B Mak",
abstract = "The Sudbury Neutrino Observatory (SNO) is a new 1000-t D2O Cherenkov solar neutrino detector. A high-energy gamma-ray source is needed to calibrate SNO beyond the 8B solar neutrino endpoint of 15 MeV. This paper describes the design and construction of a source that generates 19.8-MeV gamma rays using the 3H(p,γ)4He reaction (“pT”), and demonstrates that the source meets all the physical, operational and lifetime requirements for calibrating SNO. An ion source was built into this unit to generate and to accelerate protons up to 30 keV, and a high-purity scandium tritide target with a scandium–tritium atomic ratio of 1:2.0±0.2 was included. This pT source is the first self-contained, compact, and portable high-energy gamma-ray source (Eγ>10MeV)."
}

@article{nonstandard_forward_scatter,
title = "Solar neutrinos as probes of neutrino-matter interactions",
journal = "Physics Letters B",
volume = "594",
number = "3",
pages = "347 - 354",
year = "2004",
issn = "0370-2693",
doi = "https://doi.org/10.1016/j.physletb.2004.05.047",
url = "http://www.sciencedirect.com/science/article/pii/S0370269304008421",
author = "{Alexander Friedland and Cecilia Lunardini and Carlos Pe{\~{n}}a-Garay}"
}

@article{sno_n16,
title = "The 16N calibration source for the Sudbury Neutrino Observatory",
journal = "Nuclear Instruments and Methods in Physics Research Section A: Accelerators, Spectrometers, Detectors and Associated Equipment",
volume = "481",
number = "1",
pages = "284 - 296",
year = "2002",
issn = "0168-9002",
doi = "https://doi.org/10.1016/S0168-9002(01)02062-9",
url = "http://www.sciencedirect.com/science/article/pii/S0168900201020629",
author = "M.R. Dragowsky and A. Hamer and Y.D. Chan and R. Deal and E.D. Earle and W. Frati and E. Gaudette and A. Hallin and C. Hearns and J. Hewett and G. Jonkmans and Y. Kajiyama and A.B. McDonald and B.A. Moffat and E.B. Norman and B. Sur and N. Tagg",
keywords = "Sudbury Neutrino Observatory, Solar neutrinos, Radioactive source, Energy calibration, N β-decay",
abstract = "A calibration source using γ-rays from 16N (t1/2=7.13s) β-decay has been developed for the Sudbury Neutrino Observatory (SNO) for the purpose of energy and other calibrations. The 16N is produced via the (n,p) reaction on 16O in the form of CO2 gas using 14-MeV neutrons from a commercially available Deuterium-Tritium (DT) generator. The 16N is produced in a shielding pit in a utility room near the SNO cavity and transferred to the water volumes (D2O or H2O) in a CO2 gas stream via small diameter capillary tubing. The bulk of the activity decays in a decay/trigger chamber designed to block the energetic β-particles yet permit the primary branch 6.13MeV γ-rays to exit. Detection of the coincident β-particles with plastic scintillator lining the walls of the decay chamber volume provides a tag for the SNO electronics. This paper gives details of the production, transfer, and triggering systems for this source along with a discussion of the source γ-ray output and performance."
}

@Article{GlobalSolarFlux,
author="Bergstr{\"o}m, Johannes
and Gonzalez-Garcia, M. C.
and Maltoni, Michele
and Pe{\~{n}}a-Garay, Carlos
and Serenelli, Aldo M.
and Song, Ningqiang",
title="Updated determination of the solar neutrino fluxes from solar neutrino data",
journal="Journal of High Energy Physics",
year="2016",
month="Mar",
day="18",
volume="2016",
number="3",
pages="132",
abstract="We present an update of the determination of the solar neutrino fluxes from a global analysis of the solar and terrestrial neutrino data in the framework of three-neutrino mixing. Using a Bayesian analysis we reconstruct the posterior probability distribution function for the eight normalization parameters of the solar neutrino fluxes plus the relevant masses and mixing, with and without imposing the luminosity constraint. We then use these results to compare the description provided by different Standard Solar Models. Our results show that, at present, both models with low and high metallicity can describe the data with equivalent statistical agreement. We also argue that even with the present experimental precision the solar neutrino data have the potential to improve the accuracy of the solar model predictions.",
issn="1029-8479",
doi="10.1007/JHEP03(2016)132",
url="https://doi.org/10.1007/JHEP03(2016)132"
}

@article{sno_direct,
      author         = "Ahmad, Q. R. and others",
      title          = "{Direct evidence for neutrino flavor transformation from
                        neutral current interactions in the Sudbury Neutrino
                        Observatory}",
      collaboration  = "SNO",
      journal        = "Phys. Rev. Lett.",
      volume         = "89",
      year           = "2002",
      pages          = "011301",
      doi            = "10.1103/PhysRevLett.89.011301",
      eprint         = "nucl-ex/0204008",
      archivePrefix  = "arXiv",
      primaryClass   = "nucl-ex",
      SLACcitation   = "%%CITATION = NUCL-EX/0204008;%%"
}

@article{nonstandard_interactions,
      author         = "Bonventre, R. and LaTorre, A. and Klein, J. R. and Orebi
                        Gann, G. D. and Seibert, S. and Wasalski, O.",
      title          = "{Non-Standard Models, Solar Neutrinos, and Large
                        $\theta_{13}$}",
      journal        = "Phys. Rev.",
      volume         = "D88",
      year           = "2013",
      number         = "5",
      pages          = "053010",
      doi            = "10.1103/PhysRevD.88.053010",
      eprint         = "1305.5835",
      archivePrefix  = "arXiv",
      primaryClass   = "hep-ph",
      SLACcitation   = "%%CITATION = ARXIV:1305.5835;%%"
}

@article{bachall_stable,
  title = {Are Neutrinos Stable Particles?},
  author = {Bahcall, John N. and Cabibbo, Nicola and Yahil, Amos},
  journal = {Phys. Rev. Lett.},
  volume = {28},
  issue = {5},
  pages = {316--318},
  numpages = {0},
  year = {1972},
  month = {Jan},
  publisher = {American Physical Society},
  doi = {10.1103/PhysRevLett.28.316},
  url = {https://link.aps.org/doi/10.1103/PhysRevLett.28.316}
}

@article{root,
title = "ROOT -- An object oriented data analysis framework",
journal = "Nuclear Instruments and Methods in Physics Research Section A: Accelerators, Spectrometers, Detectors and Associated Equipment",
volume = "389",
number = "1",
pages = "81 - 86",
year = "1997",
note = "New Computing Techniques in Physics Research V",
issn = "0168-9002",
doi = "https://doi.org/10.1016/S0168-9002(97)00048-X",
url = "http://www.sciencedirect.com/science/article/pii/S016890029700048X",
author = "Rene Brun and Fons Rademakers"
}

@article{cuore,
  title = {Search for Neutrinoless Double-Beta Decay of $^{130}$Te with CUORE-0},
  author = {Alfonso, K. and others},
  collaboration = {CUORE Collaboration},
  journal = {Phys. Rev. Lett.},
  volume = {115},
  issue = {10},
  pages = {102502},
  numpages = {7},
  year = {2015},
  month = {Sep},
  publisher = {American Physical Society},
  doi = {10.1103/PhysRevLett.115.102502},
  url = {https://link.aps.org/doi/10.1103/PhysRevLett.115.102502}
}

@article{nucleon_decay,
  title = {Search for invisible modes of nucleon decay in water with the SNO+ detector},
  author = {Anderson, M. and others},
  collaboration = {The SNO+ Collaboration},
  journal = {Phys. Rev. D},
  volume = {99},
  issue = {3},
  pages = {032008},
  numpages = {13},
  year = {2019},
  month = {Feb},
  publisher = {American Physical Society},
  doi = {10.1103/PhysRevD.99.032008},
  url = {https://link.aps.org/doi/10.1103/PhysRevD.99.032008}
}


@article{imb,
  title = {Angular distribution of events from SN1987A},
  author = {Bratton, C. B. and Casper, D. and Ciocio, A. and Claus, R. and Crouch, M. and Dye, S. T. and Errede, S. and Gajewski, W. and Goldhaber, M. and Haines, T. J. and Jones, T. W. and Kielczewska, D. and Kropp, W. R. and Learned, J. G. and LoSecco, J. M. and Matthews, J. and Miller, R. and Mudan, M. and Price, L. R. and Reines, F. and Schultz, J. and Seidel, S. and Sinclair, D. and Sobel, H. W. and Stone, J. L. and Sulak, L. and Svoboda, R. and Thornton, G. and van der Velde, J. C.},
  journal = {Phys. Rev. D},
  volume = {37},
  issue = {12},
  pages = {3361--3363},
  numpages = {0},
  year = {1988},
  month = {Jun},
  publisher = {American Physical Society},
  doi = {10.1103/PhysRevD.37.3361},
  url = {https://link.aps.org/doi/10.1103/PhysRevD.37.3361}
}


@article{snoplus_solar,
  title = {Measurement of the $^{8}\mathrm{B}$ solar neutrino flux in $\mathrm{SNO}+$ with very low backgrounds},
  author = {Anderson, M. and others},
  collaboration = {$\mathrm{SNO}+$ Collaboration},
  journal = {Phys. Rev. D},
  volume = {99},
  issue = {1},
  pages = {012012},
  numpages = {7},
  year = {2019},
  month = {Jan},
  publisher = {American Physical Society},
  doi = {10.1103/PhysRevD.99.012012},
  url = {https://link.aps.org/doi/10.1103/PhysRevD.99.012012}
}

@article{3phase,
      author         = "Aharmim, B. and others",
      title          = "{Combined Analysis of all Three Phases of Solar Neutrino
                        Data from the Sudbury Neutrino Observatory}",
      collaboration  = "SNO",
      journal        = "Phys. Rev.",
      volume         = "C88",
      year           = "2013",
      pages          = "025501",
      doi            = "10.1103/PhysRevC.88.025501",
      eprint         = "1109.0763",
      archivePrefix  = "arXiv",
      primaryClass   = "nucl-ex",
      SLACcitation   = "%%CITATION = ARXIV:1109.0763;%%"
}

@book{scintillation,
  title        = {The Theory and Practice of Scintillation Counting},
  author       = {J. B. Birks and D.W. Fry and L. Costrell and K. Kandiah }, 
  publisher    = {Pergamon},
  year         = {1964},
  isbn         = {978-0-08-010472-0},
  url          = {http://www.sciencedirect.com/science/article/pii/B9780080104720500057}
}

@article{cherenkov,
  title = {Visible Radiation Produced by Electrons Moving in a Medium with Velocities Exceeding that of Light},
  author = {\ifmmode \check{C}\else \v{C}\fi{}erenkov, P. A.},
  journal = {Phys. Rev.},
  volume = {52},
  issue = {4},
  pages = {378--379},
  numpages = {0},
  year = {1937},
  month = {Aug},
  publisher = {American Physical Society},
  doi = {10.1103/PhysRev.52.378},
  url = {http://link.aps.org/doi/10.1103/PhysRev.52.378}
}

@misc{rat-pac,
  author = {Stan Seibert {\it et al.}},
  title = {{RAT-PAC}},
  year = {2014},
  howpublished = {\url{http://rat-pac.berkeley.edu}}
}

@misc{hdf5,
    author = {{The HDF Group}},
    title = {Hierarchical Data Format, version 5},
    year = {1997-2016},
    howpublished = {\url{http://www.hdfgroup.org/HDF5/}}
}

@article{geant4,
  title = {Geant4 - a simulation toolkit},
  journal = {Nucl. Instr. Meth. Phys. Res. A},
  volume = {506},
  number = {3},
  pages = {250-303},
  year = {2003},
  note = {},
  issn = {0168-9002},
  doi = {\url{http://dx.doi.org/10.1016/S0168-9002(03)01368-8}},
  url = {\url{http://www.sciencedirect.com/science/article/pii/S0168900203013688}},
  author = {S. Agostinelli {\it et al.}},
}

@misc{wblsdaq,
  author = {Benjamin J. Land},
  title = {{WbLSdaq}},
  year = {2016},
  journal = {GitHub repository},
  howpublished = {\url{http://github.com/BenLand100/WbLSdaq}}
}

@misc{drs4,
  title = {{DRS} Chip Home Page},
  howpublished = {\url{https://www.psi.ch/drs/}},
  note = {Accessed: 2016-06-01}
}

@misc{v1742,
  title = {{CAEN V1742} Product Page},
  howpublished = {\url{http://www.caen.it/csite/CaenProd.jsp?idmod=661&parent=11}},
  note = {Accessed: 2016-06-01}
}

@misc{v1718,
  title = {{CAEN V1718} Product Page},
  howpublished = {\url{http://www.caen.it/csite/CaenProd.jsp?idmod=417&parent=11}},
  note = {Accessed: 2016-06-01}
}

@misc{v1730,
  title = {{CAEN V1730} Product Page},
  howpublished = {\url{http://www.caen.it/csite/CaenProd.jsp?idmod=779&parent=11}},
  note = {Accessed: 2016-06-01}
}

@misc{v6533,
  title = {{CAEN V6533} Product Page},
  howpublished = {\url{http://www.caen.it/csite/CaenProd.jsp?idmod=657&parent=23}},
  note = {Accessed: 2016-06-01}
}

@misc{dpppsd,
  title = {{CAEN DPP-PSD} Product Page},
  howpublished = {\url{http://www.caen.it/csite/CaenProd.jsp?parent=39&idmod=770}},
  note = {Accessed: 2016-06-01}
}

@misc{lecroy606zi,
  title = {{Teledyne LeCroy WaveRunner 606Zi} Product Page},
  howpublished = {\url{http://teledynelecroy.com/oscilloscope/oscilloscopemodel.aspx?modelid=4782&capid=102&mid=504}},
  note = {Accessed: 2016-06-01}
}

@misc{ej550,
  title = {{Elgen EJ-550} Optical Grease Product Page},
  howpublished = {\url{http://www.eljentechnology.com/index.php/products/accessories/ej-550-ej-55}},
  note = {Accessed: 2016-06-01}
}

@misc{ej200,
  title = {{Elgen EJ-200} Plastic Scintillator Product Page},
  howpublished = {\url{http://www.eljentechnology.com/index.php/products/plastic-scintillators/ej-200-ej-204-ej-208-ej-212}},
  note = {Accessed: 2016-06-01}
}

@misc{9102ksb,
  title = {{ET-Enterprises 9102KSB PMT} Product Page},
  howpublished = {\url{http://www.et-enterprises.com/photomultipliers}},
  note = {Accessed: 2016-06-01}
}

@misc{hamamatsu,
  title = {Hamamatsu Private Communication},
}

@misc{h11934,
	title = {{Hamamatsu H11934-200 PMT} Catalog Entry},
	howpublished = {\url{https://www.hamamatsu.com/resources/pdf/etd/R11265U_H11934_TPMH1336E.pdf}},
	note = {Accessed: 2016-06-01}
}

@misc{h3164,
  title = {{Hamamatsu H3164 PMT} Product Page},
  howpublished = {\url{http://www.hamamatsu.com/us/en/product/alpha/P/3002/H3164-10/index.html}},
  note = {Accessed: 2016-06-02}
}

@misc{r7081,
  title = {{Hamamatsu R7081 PMT} Catalog Entry},
  howpublished = {\url{http://www.hamamatsu.com/resources/pdf/etd/LARGE_AREA_PMT_TPMH1286E.pdf}},
  note = {Accessed: 2016-06-01}
}

@misc{e7694,
  title = {{Hamamatsu E7694-01 +HV} Voltage Dividing Base Catalog Entry},
  howpublished = {\url{http://www.hamamatsu.com/resources/pdf/etd/High_energy_PMT_TPMO0007E.pdf}},
  pages = {59},
  note = {Accessed: 2016-06-01}
}

@misc{finemet,
  title = {{FINEMET FM Shield MS-F / MS-FR Series} catalog entry},
  howpublished = {\url{http://www.hitachimetals.com/materials-products/amorphous-nanocrystalline/magnetic-shielding-sheet/documents/fm_shield_ms-f_ms-fr.pdf}},
  note = {Accessed: 2016-06-01}
}

@misc{cog-oring,
  title = {{COG Resist} catalog entry},
  howpublished = {\url{http://www.cog.de/fileadmin/downloads/COG_Resist_Folder_EN_Einzelseiten.pdf}},
  note = {Accessed: 2016-07-07}
}

@misc{caen-vme,
  title = {{CAENVMELib} information page},
  howpublished = {\url{http://www.caen.it/csite/CaenProd.jsp?idmod=689&parent=38}},
  note = {Accessed: 2016-07-07}
}

@misc{buttonsource,
  title = {{Spectrum Techniques} catalog entry},
  howpublished = {\url{http://www.spectrumtechniques.com/disc&laminated_sources.htm}},
  note = {Accessed: 2016-06-22}
}

@booklet{hamamatsu-handbook,
  title        = {Photomultiplier Tubes Basics, Applications},
  author       = {{Hamamatsu Photonics K.K.}}, 
  howpublished = {\url{https://www.hamamatsu.com/resources/pdf/etd/PMT_handbook_v3aE.pdf}},
  address      = {Hamamatsu, Japan},
  year         = 2007,
  note         = {Accessed: 2016-06-01}
}

@article{penn-bases,
	title = {{FIXME: PLACEHOLDER} for reference to the UPenn PMT bases},
	author = {Josh \& Co.},
	journal = {},
	volume = {},
	pages = {},
	year = {},
	month = {},
	publisher = {},
	doi = {},
	url = {}
}


@article{lsnd,
      author = {A. Aguilar \textit{et al.}},
      title = {Evidence for Neutrino Oscillations from the Observation of Electron Anti-neutrinos in a Muon Anti-Neutrino Beam},
      collaboration  = {LSND},
      journal = "Phys. Rev.",
      volume = "D64",
      pages = "112007",
      year = "2001",
      doi = "10.1103/PhysRevD.72.076004",
      eprint = "hep-ex/0104049",
}


@article{wbls,
	title = {A new water-based liquid scintillator and potential applications},
	author = {M. Yeh {\it et al.}},
	journal = {Nucl. Inst. \& Meth.},
	volume = {A660},
	issue = {1},
	pages = {51--56},
	numpages = {0},
	year = {2011},
	month = {December},
	publisher = {American Physical Society},
	doi = {10.1016/j.nima.2011.08.040},
	url = {http://www.sciencedirect.com/science/article/pii/S0168900211016615}
}

@article{lappd,
	author={B. W. Adams {\it et al.}},
	title={A Brief Technical History of the {Large-Area Picosecond Photodetector (LAPPD) Collaboration}},
    collaboration  = "LAPPD",
    journal        = "Submitted to: JINST",
    year           = "2016",
    eprint         = "1603.01843",
    archivePrefix  = "arXiv",
    primaryClass   = "physics.ins-det",
    reportNumber   = "FERMILAB-PUB-16-142-PPD",
    SLACcitation   = "%%CITATION = ARXIV:1603.01843;%%"
}

@article{lappd2,
	author={O. H. W. Siegmund and J. B. McPhate and J. V. Vallerga and A. S. Tremsin and H. E. Frisch and J. W. Elam and A. U. Mane and R. G. Wagner},
	title={Large area event counting detectors with high spatial and temporal resolution},
	journal={Journal of Instrumentation},
	volume={9},
	number={04},
	pages={C04002},
	url={http://stacks.iop.org/1748-0221/9/i=04/a=C04002},
	year={2014}
}

@article{mcp,
	title = {Measurements of the Gain, Time Resolution, and Spatial Resolution of a 20x20cm MCP-based Picosecond Photo-Detector},
	author = {B. Adams {\it et al.}},
	journal = {Nucl. Inst. \& Meth.},
	volume = {A732},
	issue = {1},
	pages = {392--396},
	numpages = {0},
	year = {2013},
	month = {December},
	publisher = {American Physical Society},
	doi = {10.1016/j.nima.2013.07.091},
	url = {http://www.sciencedirect.com/science/article/pii/S0168900213011327}
}

@article{asdc,
	title = {Advanced Scintillator Detector Concept {(ASDC)}},
	author = {J. R. Alonso {\it et al.}},
	year = {2014},
	url = {http://arxiv.org/pdf/1409.5864v3.pdf}
}

@article{theia,
	title = {Physics Potential of an Advanced Scintillation Detector: Introducing THEIA},
	author = {G. D. Orebi Gann for the THEIA interest group},
	year = {2015},
	journal = {Proceedings of the Prospects in Neutrino Physics},
	url = {https://arxiv.org/abs/1504.08284}
}

@article{superk,
	title = {Evidence for Oscillation of Atmospheric Neutrinos},
    author = {Y. Fukuda {\it et al.}},
	collaboration = {{Super-Kamiokande Collaboration}},
	journal = {Phys. Rev. Lett.},
	volume = {81},
	issue = {8},
	pages = {1562--1567},
	numpages = {0},
	year = {1998},
	month = {Aug},
	publisher = {American Physical Society},
	doi = {10.1103/PhysRevLett.81.1562},
	url = {http://link.aps.org/doi/10.1103/PhysRevLett.81.1562}
}

@article{borexino,
	title = {Neutrinos from the primary proton-proton fusion process in the Sun},
	author = {{Borexino Collaboration}},
	journal = {Nature},
	volume = {512},
	pages = {383--386},
	numpages = {0},
	year = {2014},
	month = {Aug},
	publisher = {American Physical Society},
	doi = {10.1038/nature13702},
	url = {http://www.nature.com/nature/journal/v512/n7515/full/nature13702.html}
}

@article{kamland,
  title = {Precision Measurement of Neutrino Oscillation Parameters with {KamLAND}},
  author = {S. Abe {\it et al.}},
  collaboration = {{KamLAND Collaboration}},
  journal = {Phys. Rev. Lett.},
  volume = {100},
  issue = {22},
  pages = {221803},
  numpages = {5},
  year = {2008},
  month = {Jun},
  publisher = {American Physical Society},
  doi = {10.1103/PhysRevLett.100.221803},
  url = {http://link.aps.org/doi/10.1103/PhysRevLett.100.221803}
}


@article{sno,
  title = {Direct Evidence for Neutrino Flavor Transformation from Neutral-Current Interactions in the Sudbury Neutrino Observatory},
  author = {Q. R. Ahmad {\it et al.}},
  collaboration = {SNO Collaboration},
  journal = {Phys. Rev. Lett.},
  volume = {89},
  issue = {1},
  pages = {011301},
  numpages = {6},
  year = {2002},
  month = {Jun},
  publisher = {American Physical Society},
  doi = {10.1103/PhysRevLett.89.011301},
  url = {http://link.aps.org/doi/10.1103/PhysRevLett.89.011301}
}


@misc{ratpac,
	title = {{RAT-PAC (is an Analysis Tool)} User's Guide},
	howpublished = {\url{http://rat.readthedocs.io/en/latest/}}
}

@misc{glg4sim,
	title = {GLG4sim},
	howpublished = {\url{http://neutrino.phys.ksu.edu/~GLG4sim/}},
	author = {G. Horton-Smith},
}

@article{gaisser-mod,
	title = {A parametrization of the cosmic-ray muon flux at sea-level},
	author = {M. Guan {\it et al.}},
	journal = {arXiv.},
	issue ={1509.06176},
	year = {2015},
	month = {September},
	url = {https://arxiv.org/abs/1509.06176}
}

@article{snop,
      author         = "S. Andringa {\it et al.}",
      title          = "{Current Status and Future Prospects of the SNO+
                        Experiment}",
      collaboration  = "SNO+",
      journal        = "Adv. High Energy Phys.",
      volume         = "2016",
      year           = "2015",
      pages          = "6194250",
      doi            = "10.1155/2016/6194250",
      eprint         = "1508.05759",
      archivePrefix  = "arXiv",
      primaryClass   = "physics.ins-det",
      SLACcitation   = "%%CITATION = ARXIV:1508.05759;%%"
}

@article{Rielage:2014pfm,
      author         = "K. Rielage {\it et al.}",
      title          = "{Update on the MiniCLEAN Dark Matter Experiment}",
      booktitle      = "{Proceedings, 13th International Conference on Topics in
                        Astroparticle and Underground Physics (TAUP 2013)}",
      collaboration  = "MINICLEAN",
      journal        = "Phys. Procedia",
      volume         = "61",
      year           = "2015",
      pages          = "144-152",
      doi            = "10.1016/j.phpro.2014.12.024",
      eprint         = "1403.4842",
      archivePrefix  = "arXiv",
      primaryClass   = "physics.ins-det",
      reportNumber   = "LA-UR-14-21626",
      SLACcitation   = "%%CITATION = ARXIV:1403.4842;%%"
}

@article{BOLTON2005166,
	Author = {M. Aoki and Y. Iwashita and M. Kuze and T. Bolton},
	Doi = {http://dx.doi.org/10.1016/j.nuclphysbps.2005.05.041},
	Issn = {0920-5632},
	Journal = {Nuclear Physics B - Proceedings Supplements},
	Pages = {166 - 169},
	Title = {NuFact04 The Braidwood Reactor Anitneutrino Experiment},
	Url = {http://www.sciencedirect.com/science/article/pii/S0920563205007085},
	Volume = {149},
	Year = {2005},
	Bdsk-Url-1 = {http://www.sciencedirect.com/science/article/pii/S0920563205007085},
	Bdsk-Url-2 = {http://dx.doi.org/10.1016/j.nuclphysbps.2005.05.041}
}

@article{lab_timing,
	Author = {Mohan Li {\it et al.}},
	Title = {Separation of Scintillation and Cherenkov Lights in Linear Alkyl Benzene},
	Url = {https://arxiv.org/pdf/1511.09339v2.pdf}
}

@article{snop_private,
	Author = {SNO+ internal communications},
	Title = {Measurement of LAB refractive index and light yield for LAB with 2g/L of PPO},
}

@article{lab_emission,
	Author = {Minfang Yeh},
	Title = {Private communication},
}

@article{birks,
	Author = {J. B. Birks},
	Title = {The Theory and Practice of Scintillation Counting},
	Journal = {Pergamon Press},
	Year = {1964}
}

@article{labppo,
	Author = {H. M. O'Keeffe {\it et al.}},
	Doi = {http://dx.doi.org/10.1016/j.nima.2011.03.027},
	Journal = {Nuclear Instruments and Methods in Physics A},
	Pages = {119 - 122},
	Title = {Scintillation decay time and pulse shape discrimination in oxygenated and deoxygenated solutions of linear alkylbenzene for the SNO+ experiment},
	Url = {http://www.sciencedirect.com/science/article/pii/S0168900211005882},
	Volume = {640},
	Year = {2011}
}

@article{labppo_quench,
	title = {Measurement of the proton light response of various LAB based scintillators and its implication for supernova neutrino detection via neutrino-proton scattering},
	author = {von Krosigk, B. and Neumann, L. and Nolte, R. et al.},
	journal = {Eur. Phys. J. C},
	issue ={73},	
	pages ={2390},
	year = {2013},
	doi = {10.1140/epjc/s10052-013-2390-1},
	url = {http://link.springer.com/article/10.1140%2Fepjc%2Fs10052-013-2390-1},
}

@article{mcguire_palmer,
	author = {R. L. McGuire and R. C. Palmer},
	title = {A Fluorescence Emission Detector with 100 Picosecond Time Resolution},
	journal = {IEEE transaction of nuclear science},
	volume = {14},
	number = {1},
	pages = {217-221},
	year = {1967},
	doi = {10.1109/TNS.1967.4324418},
	url = {\url{http://ieeexplore.ieee.org/document/4324418/}},
}

@Article{Liu:1993,
 author        = "Liu, Manqing and H. W. Lee and A. B. McDonald",
 title         = "222Rn emanation into vacuum.",
 journal       = "NIM A",
 volume        = "329",
 pages         = "291",
 year          = "1993",
 }

@phdthesis{sno_laserball,
      author         = "Ford, Richard James",
      title          = "{Calibration of SNO for the detection of (8)B neutrinos}",
      school         = "Queen's U., Kingston",
      url            = "http://www.sno.phy.queensu.ca/sno/publications.html",
      year           = "1999",
      reportNumber   = "UMI-NQ-35959",
      SLACcitation   = "%%CITATION = UMI-NQ-35959;%%"
}

@Article{Tagg:2002,
 author        = "N.J. Tagg and A.S. Hamer and B. Sur and  E.D. Earle and R.L. Helmer and G. Jonkmans and B.A. Moffat and J.J. Simpson",
 title         = {The  $^{8}$Li calibration source for the Sudbury Neutrino Observatory},
 journal       = "NIM A",
 volume        = "489",
 pages         = "178",
 year          = "2002",
 }

@Article{Tagg:2001,
 author        = "N.J. Tagg",
 title         = {The $^8$Li Calibration Source and Through-Going Muon Analysis in the Sudbury Neutrino Observatory},
 journal       = "Phd thesis",
 year          = "2001",
 }

@Article{Heintzelman:2013,
 author        = "W. Heintzelman",
 title         = "Extracting PMT Detection Efficiency from Cherenkov-Source Data",
 journal       = "Internal document SNO+-doc-2203-v1",
 year          = "2013",
 }

@Article{kormos:2015,
 author        = "L. Kormos and H. O'Keeffe and Matthew Parnell",
 title         = "Estimating Radon Emanation within the Cover Gas Region",
 journal       = "Internal document SNO+-doc-3224-v1",
 year          = "2015",
 }



@Article{wallig:2015,
 author        = "J. Wallig",
 title         = "Cherenkov source technical drawings",
 journal       = "Internal document SNO+-doc-3453-v1",
 year          = "2015",
 }
 
 @Article{descamps:2016,
  author        = "F. Descamps",
  title         = "Cherenkov source deployment procedures",
  journal       = "Internal document SNO+-doc-3492-v1",
  year          = "2016",
  }

@Article{snoplus:2013,
 author        = "SNO+",
 title         = "Materials compatible with LAB",
 journal       = "Internal document SNO+-doc-1291-v6",
 year          = "2013",
 }

@Article{gann:2013,
 author        = "G. D. Orebi Gann and S. J. M. Peeters and J. Wilson",
 title         = "SNO+ Calibration \& Analysis Plan",
 journal       = "Internal document SNO+-doc-1698-v6",
 year          = "2013",
 }

 @Article{lina:2015,
  author        = "L. Anselmo",
  title         = "Cherenkov-source LAB+PPO compatibility tests",
  journal       = "Internal document SNO+-doc-3455-v1",
  year          = "2015",
  }

 @Article{tanner:2014,
  author        = "T. Kaptanoglu",
  title         = "The SNO+ Cherenkov source ",
  journal       = "Internal document SNO+-doc-3475-v1",
  year          = "2014",
  }

@book{hermeticity-electronic,
	booktitle = "Hermeticity of Electronic Packages",
	author = "Greenhouse, H.",
	year = "2000",
	url = "http://app.knovel.com/hotlink/toc/id:kpHEP00003/hermeticity-electronic/hermeticity-electronic",
	isbn = "978-0-8155-1435-0",
	publisher = "William Andrew Publishing/Noyes",
}

 @misc{polish,
   title = {NOVUS heavy and fine scratch remover},
   howpublished = {https://www.novuspolish.com/},
   note = {Accessed: 2015-10-06}
 }

 @misc{sand,
   title = {NORTON Blue-Bak waterproof paper},
   howpublished = { http://www.nortonindustrial.com/PaperSheets-BlueBakT414Waterproof.aspx},
   note = {Accessed: 2015-10-06}
 }

 @misc{anneal,
   title = {Acrylic fabrication guide},
   howpublished = { http://www.curbellplastics.com/technical-resources/pdf/acrylic-fab-guide-plexiglas.pdf },
   note = {Accessed: 2015-10-06}
 }

 @misc{masking,
   title = {Liquid masking tape MI-7, Microscale Industries},
   howpublished = { http://www.microscale.com/},
   note = {Accessed: 2015-10-06}
 }

@article{bs05op,
      author         = "Bahcall, John N. and Serenelli, Aldo M. and Basu, Sarbani",
      title          = "{New solar opacities, abundances, helioseismology, and neutrino fluxes}",
      journal        = "Astrophys. J.",
      volume         = "621",
      year           = "2005",
      pages          = "L85-L88",
      doi            = "10.1086/428929",
      eprint         = "astro-ph/0412440",
      archivePrefix  = "arXiv",
      primaryClass   = "astro-ph",
      SLACcitation   = "%%CITATION = ASTRO-PH/0412440;%%"
}

@article{beacombell,
      author         = "Beacom, John F. and Bell, Nicole F.",
      title          = "{Do solar neutrinos decay?}",
      journal        = "Phys. Rev.",
      volume         = "D65",
      year           = "2002",
      pages          = "113009",
      doi            = "10.1103/PhysRevD.65.113009",
      eprint         = "hep-ph/0204111",
      archivePrefix  = "arXiv",
      primaryClass   = "hep-ph",
      reportNumber   = "FERMILAB-PUB-02-061-A",
      SLACcitation   = "%%CITATION = HEP-PH/0204111;%%"
}

@phdthesis{plthesis,
  author       = {Pierre-Luc Drouin}, 
  title        = {Three-Phase Extraction of the Electron Neutrino Survival Probability at the Sudbury Neutrino Observatory},
  school       = {Carleton University},
  year         = 2011,
  month        = December
}

@article{kamland,
      author         = "Abe, S. and others",
      title          = "{Precision Measurement of Neutrino Oscillation Parameters
                        with KamLAND}",
      collaboration  = "KamLAND",
      journal        = "Phys. Rev. Lett.",
      volume         = "100",
      year           = "2008",
      pages          = "221803",
      doi            = "10.1103/PhysRevLett.100.221803",
      eprint         = "0801.4589",
      archivePrefix  = "arXiv",
      primaryClass   = "hep-ex",
      SLACcitation   = "%%CITATION = ARXIV:0801.4589;%%"
}


@ARTICLE{serenelli,
   author = {{Serenelli}, A.~M. and {Basu}, S. and {Ferguson}, J.~W. and 
	{Asplund}, M.},
    title = "{New Solar Composition: The Problem with Solar Models Revisited}",
  journal = {ApJ},
archivePrefix = "arXiv",
   eprint = {0909.2668},
 primaryClass = "astro-ph.SR",
 keywords = {neutrinos, Sun: abundances, Sun: helioseismology, Sun: interior},
     year = 2009,
    month = nov,
   volume = 705,
    pages = {L123-L127},
      doi = {10.1088/0004-637X/705/2/L123},
   adsurl = {http://esoads.eso.org/abs/2009ApJ...705L.123S},
  adsnote = {Provided by the SAO/NASA Astrophysics Data System}
}

@article{picoreti,
      author         = "Picoreti, R. and Guzzo, M. M. and de Holanda, P. C. and
                        Peres, O. L. G.",
      title          = "{Neutrino Decay and Solar Neutrino Seasonal Effect}",
      journal        = "Phys. Lett.",
      volume         = "B761",
      year           = "2016",
      pages          = "70-73",
      doi            = "10.1016/j.physletb.2016.08.007",
      eprint         = "1506.08158",
      archivePrefix  = "arXiv",
      primaryClass   = "hep-ph",
      SLACcitation   = "%%CITATION = ARXIV:1506.08158;%%"
}


@article{berryman,
      author         = "Berryman, Jeffrey M. and de Gouvea, Andre and Hernandez,
                        Daniel",
      title          = "{Solar Neutrinos and the Decaying Neutrino Hypothesis}",
      journal        = "Phys. Rev.",
      volume         = "D92",
      year           = "2015",
      number         = "7",
      pages          = "073003",
      doi            = "10.1103/PhysRevD.92.073003",
      eprint         = "1411.0308",
      archivePrefix  = "arXiv",
      primaryClass   = "hep-ph",
      reportNumber   = "NUHEP-TH-14-08",
      SLACcitation   = "%%CITATION = ARXIV:1411.0308;%%"
}

@article{superk,
  title = {Solar neutrino results in Super-Kamiokande-III},
  author = {Abe, K. and others},
  collaboration = {The Super-Kamiokande Collaboration},
  journal = {Phys. Rev. D},
  volume = {83},
  issue = {5},
  pages = {052010},
  numpages = {19},
  year = {2011},
  month = {Mar},
  publisher = {American Physical Society},
  doi = {10.1103/PhysRevD.83.052010},
  url = {https://link.aps.org/doi/10.1103/PhysRevD.83.052010}
}

@article{superkth23,
  title = {Atmospheric neutrino oscillation analysis with subleading effects in Super-Kamiokande I, II, and III},
  author = {Wendell, R. and others},
  collaboration = {The Super-Kamiokande Collaboration},
  journal = {Phys. Rev. D},
  volume = {81},
  issue = {9},
  pages = {092004},
  numpages = {16},
  year = {2010},
  month = {May},
  publisher = {American Physical Society},
  doi = {10.1103/PhysRevD.81.092004},
  url = {https://link.aps.org/doi/10.1103/PhysRevD.81.092004}
}

@article{sno,
  title = {Combined analysis of all three phases of solar neutrino data from the Sudbury Neutrino Observatory},
  author = {Aharmim, B. and others},
  collaboration = {SNO Collaboration},
  journal = {Phys. Rev. C},
  volume = {88},
  issue = {2},
  pages = {025501},
  numpages = {27},
  year = {2013},
  month = {Aug},
  publisher = {American Physical Society},
  doi = {10.1103/PhysRevC.88.025501},
  url = {https://link.aps.org/doi/10.1103/PhysRevC.88.025501}
}

@article{borexino,
  title = {Final results of Borexino Phase-I on low-energy solar neutrino spectroscopy},
  author = {Bellini, G. and others},
  collaboration = {Borexino Collaboration},
  journal = {Phys. Rev. D},
  volume = {89},
  issue = {11},
  pages = {112007},
  numpages = {68},
  year = {2014},
  month = {Jun},
  publisher = {American Physical Society},
  doi = {10.1103/PhysRevD.89.112007},
  url = {https://link.aps.org/doi/10.1103/PhysRevD.89.112007}
}


@article{dayabay,
      author         = "An, Feng Peng and others",
      title          = "{Measurement of electron antineutrino oscillation based
                        on 1230 days of operation of the Daya Bay experiment}",
      collaboration  = "Daya Bay",
      journal        = "Phys. Rev.",
      volume         = "D95",
      year           = "2017",
      number         = "7",
      pages          = "072006",
      doi            = "10.1103/PhysRevD.95.072006",
      eprint         = "1610.04802",
      archivePrefix  = "arXiv",
      primaryClass   = "hep-ex",
      SLACcitation   = "%%CITATION = ARXIV:1610.04802;%%"
}

@article{wolfenstein,
  title = {Neutrino oscillations in matter},
  author = {Wolfenstein, L.},
  journal = {Phys. Rev. D},
  volume = {17},
  issue = {9},
  pages = {2369--2374},
  numpages = {0},
  year = {1978},
  month = {May},
  publisher = {American Physical Society},
  doi = {10.1103/PhysRevD.17.2369},
  url = {https://link.aps.org/doi/10.1103/PhysRevD.17.2369}
}

@ARTICLE{mikheyev,
   author = {{Mikheyev}, S.~P. and {Smirnov}, A.~Y.},
    title = "{Resonance enhancement of oscillations in matter and solar neutrino spectroscopy}",
  journal = {Yadernaya Fizika},
 keywords = {NEUTRINOS, JOERGEN CHRISTENSEN-DALSGAARD},
     year = 1985,
   volume = 42,
    pages = {1441-1448},
   adsurl = {http://adsabs.harvard.edu/abs/1985YaFiz..42.1441M},
  adsnote = {Provided by the SAO/NASA Astrophysics Data System}
}


@article{pdg,
      author         = "Patrignani, C. and others",
      title          = "{Review of Particle Physics}",
      collaboration  = "Particle Data Group",
      journal        = "Chin. Phys.",
      volume         = "C40",
      year           = "2016",
      number         = "10",
      pages          = "100001",
      doi            = "10.1088/1674-1137/40/10/100001",
      SLACcitation   = "%%CITATION = CHPHD,C40,100001;%%"
}


@unpublished{leta,
  author       = {{LETA WG}}, 
  title        = {{L}ow {E}nergy {T}hreshold {A}nalysis ({LETA}) Unidoc},
  month        = April,
  year         = 2009
}

@unpublished{ncd,
  author       = {{NCD WG}}, 
  title        = {{SNO} {NCD} Phase Analysis Unidoc},
  month        = February,
  year         = 2011
}

@article{sagecombo,
      author         = "Abdurashitov, J. N. and others",
      title          = "{Measurement of the solar neutrino capture rate with
                        gallium metal. III: Results for the 2002--2007 data-taking
                        period}",
      collaboration  = "SAGE",
      journal        = "Phys. Rev.",
      volume         = "C80",
      year           = "2009",
      pages          = "015807",
      doi            = "10.1103/PhysRevC.80.015807",
      eprint         = "0901.2200",
      archivePrefix  = "arXiv",
      primaryClass   = "nucl-ex",
      SLACcitation   = "%%CITATION = ARXIV:0901.2200;%%"
}

@article{bachall_lma,
      author         = "Bahcall, John N. and Krastev, P. I. and Smirnov, A.
                        {\relax Yu}.",
      title          = "{Is large mixing angle MSW the solution of the solar
                        neutrino problems?}",
      journal        = "Phys. Rev.",
      volume         = "D60",
      year           = "1999",
      pages          = "093001",
      doi            = "10.1103/PhysRevD.60.093001",
      eprint         = "hep-ph/9905220",
      archivePrefix  = "arXiv",
      primaryClass   = "hep-ph",
      SLACcitation   = "%%CITATION = HEP-PH/9905220;%%"
}

@article{homestake,
  author={Bruce T. Cleveland and Timothy Daily and Raymond Davis, Jr. and James R. Distel and Kenneth Lande and C. K. Lee and Paul S.
Wildenhain and Jack Ullman},
  title={Measurement of the Solar Electron Neutrino Flux with the Homestake Chlorine Detector},
  journal={The Astrophysical Journal},
  volume={496},
  number={1},
  pages={505},
  url={http://stacks.iop.org/0004-637X/496/i=1/a=505},
  year={1998},
  abstract={The Homestake Solar Neutrino Detector, based on the inverse beta-decay reaction ν e + 37 Cl → 37 Ar + e - , has been measuring the flux of solar neutrinos since 1970. The experiment has operated in a stable manner throughout this time period. All aspects of this detector are reviewed, with particular emphasis on the determination of the extraction and counting efficiencies, the key experimental parameters that are necessary to convert the measured 37 Ar count rate to the solar neutrino production rate. A thorough consideration is also given to the systematics of the detector, including the measurement of the extraction and counting efficiencies and the nonsolar production of 37 Ar. The combined result of 108 extractions is a solar neutrino-induced 37 Ar production rate of 2.56 ± 0.l6 (statistical) ± 0.16 (systematic) SNU.}
}

@article{superkiv,
      author         = "Abe, K. and others",
      title          = "{Solar Neutrino Measurements in Super-Kamiokande-IV}",
      collaboration  = "Super-Kamiokande",
      journal        = "Phys. Rev.",
      volume         = "D94",
      year           = "2016",
      number         = "5",
      pages          = "052010",
      doi            = "10.1103/PhysRevD.94.052010",
      eprint         = "1606.07538",
      archivePrefix  = "arXiv",
      primaryClass   = "hep-ex",
      SLACcitation   = "%%CITATION = ARXIV:1606.07538;%%"
}

@article{borexino8b,
      author         = "Agostini, M. and others",
      title          = "{Improved measurement of 8B solar neutrinos with 1.5 kt y
                        of Borexino exposure}",
      collaboration  = "Borexino",
      year           = "2017",
      eprint         = "1709.00756",
      archivePrefix  = "arXiv",
      primaryClass   = "hep-ex",
      SLACcitation   = "%%CITATION = ARXIV:1709.00756;%%"
}

@article{borexino7be,
  title = {Precision Measurement of the $^{7}\mathrm{Be}$ Solar Neutrino Interaction Rate in Borexino},
  author = {Bellini, G. and Benziger, J. and Bick, D. and Bonetti, S. and Bonfini, G. and Buizza Avanzini, M. and Caccianiga, B. and Cadonati, L. and Calaprice, F. and Carraro, C. and Cavalcante, P. and Chavarria, A. and D'Angelo, D. and Davini, S. and Derbin, A. and Etenko, A. and Fomenko, K. and Franco, D. and Galbiati, C. and Gazzana, S. and Ghiano, C. and Giammarchi, M. and Goeger-Neff, M. and Goretti, A. and Grandi, L. and Guardincerri, E. and Hardy, S. and Ianni, Aldo and Ianni, Andrea and Kobychev, V. and Korablev, D. and Korga, G. and Koshio, Y. and Kryn, D. and Laubenstein, M. and Lewke, T. and Litvinovich, E. and Loer, B. and Lombardi, F. and Lombardi, P. and Ludhova, L. and Machulin, I. and Manecki, S. and Maneschg, W. and Manuzio, G. and Meindl, Q. and Meroni, E. and Miramonti, L. and Misiaszek, M. and Montanari, D. and Mosteiro, P. and Muratova, V. and Oberauer, L. and Obolensky, M. and Ortica, F. and Pallavicini, M. and Papp, L. and Pe\~na-Garay, C. and Perasso, L. and Perasso, S. and Pocar, A. and Raghavan, R. S. and Ranucci, G. and Razeto, A. and Re, A. and Romani, A. and Sabelnikov, A. and Saldanha, R. and Salvo, C. and Sch\"onert, S. and Simgen, H. and Skorokhvatov, M. and Smirnov, O. and Sotnikov, A. and Sukhotin, S. and Suvorov, Y. and Tartaglia, R. and Testera, G. and Vignaud, D. and Vogelaar, R. B. and von Feilitzsch, F. and Winter, J. and Wojcik, M. and Wright, A. and Wurm, M. and Xu, J. and Zaimidoroga, O. and Zavatarelli, S. and Zuzel, G.},
  collaboration = {Borexino Collaboration},
  journal = {Phys. Rev. Lett.},
  volume = {107},
  issue = {14},
  pages = {141302},
  numpages = {5},
  year = {2011},
  month = {Sep},
  publisher = {American Physical Society},
  doi = {10.1103/PhysRevLett.107.141302},
  url = {https://link.aps.org/doi/10.1103/PhysRevLett.107.141302}
}


@article{kamland8b,
  title = {Measurement of the ${ }^{8}$B solar neutrino flux with the KamLAND liquid scintillator detector},
  author = {Abe, S. and Furuno, K. and Gando, A. and Gando, Y. and Ichimura, K. and Ikeda, H. and Inoue, K. and Kibe, Y. and Kimura, W. and Kishimoto, Y. and Koga, M. and Minekawa, Y. and Mitsui, T. and Morikawa, T. and Nagai, N. and Nakajima, K. and Nakamura, K. and Nakamura, M. and Narita, K. and Shimizu, I. and Shimizu, Y. and Shirai, J. and Suekane, F. and Suzuki, A. and Takahashi, H. and Takahashi, N. and Takemoto, Y. and Tamae, K. and Watanabe, H. and Xu, B. D. and Yabumoto, H. and Yonezawa, E. and Yoshida, H. and Yoshida, S. and Enomoto, S. and Kozlov, A. and Murayama, H. and Grant, C. and Keefer, G. and McKee, D. and Piepke, A. and Banks, T. I. and Bloxham, T. and Detwiler, J. A. and Freedman, S. J. and Fujikawa, B. K. and Han, K. and Kadel, R. and O'Donnell, T. and Steiner, H. M. and Winslow, L. A. and Dwyer, D. A. and Mauger, C. and McKeown, R. D. and Zhang, C. and Berger, B. E. and Lane, C. E. and Maricic, J. and Miletic, T. and Batygov, M. and Learned, J. G. and Matsuno, S. and Pakvasa, S. and Sakai, M. and Horton-Smith, G. A. and Tang, A. and Downum, K. E. and Gratta, G. and Tolich, K. and Efremenko, Y. and Kamyshkov, Y. and Perevozchikov, O. and Karwowski, H. J. and Markoff, D. M. and Tornow, W. and Heeger, K. M. and Piquemal, F. and Ricol, J. -S. and Decowski, M.P.},
  collaboration = {KamLAND Collaboration},
  journal = {Phys. Rev. C},
  volume = {84},
  issue = {3},
  pages = {035804},
  numpages = {6},
  year = {2011},
  month = {Sep},
  publisher = {American Physical Society},
  doi = {10.1103/PhysRevC.84.035804},
  url = {https://link.aps.org/doi/10.1103/PhysRevC.84.035804}
}

@article{kamland7be,
title = {Be7 solar neutrino measurement with KamLAND},
author = {Gando, A. and Gando, Y. and Hanakago, H. and Ikeda, H. and Inoue, K. and Ishidoshiro, K. and Ishikawa, H. and Kishimoto, Y. and Koga, M. and Matsuda, R. and Matsuda, S. and Mitsui, T. and Motoki, D. and Nakajima, K. and Nakamura, K. and Obata, A. and Oki, A. and Oki, Y. and Otani, M. and Shimizu, I. and Shirai, J. and Suzuki, A. and Tamae, K. and Ueshima, K. and Watanabe, H. and Xu, B. D. and Yamada, S. and Yamauchi, Y. and Yoshida, H. and Kozlov, A. and Takemoto, Y. and Yoshida, S. and Grant, C. and Keefer, G. and McKee, D. W. and Piepke, A. and Banks, T. I. and Bloxham, T. and Freedman, S. J. and Fujikawa, B. K. and Han, K. and Hsu, L. and Ichimura, K. and Murayama, H. and O'Donnell, T. and Steiner, H. M. and Winslow, L. A. and Dwyer, D. and Mauger, C. and McKeown, R. D. and Zhang, C. and Berger, B. E. and Lane, C. E. and Maricic, J. and Miletic, T. and Learned, J. G. and Sakai, M. and Horton-Smith, G. A. and Tang, A. and Downum, K. E. and Tolich, K. and Efremenko, Y. and Kamyshkov, Y. and Perevozchikov, O. and Karwowski, H. J. and Markoff, D. M. and Tornow, W. and Detwiler, J. A. and Enomoto, S. and Heeger, K. and Decowski, M. P.},
abstractNote = {We report a measurement of the neutrino-electron elastic scattering rate of 862 keV 7Be solar neutrinos based on a 165.4 kt d exposure of KamLAND. The observed rate is 582±94(kt d)₋1, which corresponds to an 862-keV 7Be solar neutrino flux of (3.26±0.52)×109cm₋2s₋1, assuming a pure electron-flavor flux. Comparing this flux with the standard solar model prediction and further assuming three-flavor mixing, a νe survival probability of 0.66±0.15 is determined from the KamLAND data. Lastly, utilizing a global three-flavor oscillation analysis, we obtain a total 7Be solar neutrino flux of (5.82±1.02)×109cm₋2s₋1, which is consistent with the standard solar model predictions.},
doi = {10.1103/PhysRevC.92.055808},
journal = {Physical Review. C, Nuclear Physics},
number = 5,
volume = 92,
place = {United States},
year = {2015},
month = {11}
} 
